@misc{cyclicity,
  author = {Keith Conrad},
  title = {Cyclicity of $(\mathbf{Z}/p)^\times$},
  howpublished = {\url{https://kconrad.math.uconn.edu/blurbs/grouptheory/cyclicmodp.pdf}},
  note = {Online; accessed 27-November-2019}
}
@article{damgaard2002sigma,
  title={On {{$\Sigma$}}-protocols},
  author={Damg\r{a}rd, Ivan},
  journal={Lecture Notes, University of Aarhus, Department for Computer Science},
  year={2002}
}
@book{katz2014introduction,
  title={Introduction to modern cryptography},
  author={Katz, Jonathan and Lindell, Yehuda},
  year={2014},
  publisher={Chapman and Hall/CRC}
}
@article{boneh2020graduate,
  title={A graduate course in applied cryptography},
  author={Boneh, Dan and Shoup, Victor},
  journal={Draft 0.5},
  year={2020}
}
@article{stewart2010losing,
  title={Losing votes by mail},
  author={Stewart III, Charles},
  journal={NYUJ Legis. \& Pub. Pol'y},
  volume={13},
  pages={573},
  year={2010},
  publisher={HeinOnline}
}
@inproceedings{kiayias2015end,
  title={End-to-end verifiable elections in the standard model},
  author={Kiayias, Aggelos and Zacharias, Thomas and Zhang, Bingsheng},
  booktitle={Annual International Conference on the Theory and Applications of Cryptographic Techniques},
  pages={468--498},
  year={2015},
  organization={Springer}
}
